@inproceedings{feldthaus2013semi,
  title={Semi-automatic rename refactoring for JavaScript},
  author={Feldthaus, Asger and M{\o}ller, Anders},
  booktitle={Proceedings of the 2013 ACM SIGPLAN international conference on Object oriented programming systems languages \& applications},
  pages={323--338},
  year={2013},
  organization={ACM}
}

@article{zolotareva2014modern,
  title={MODERN JAVASCRIPT PROJECT OPTIMIZERS},
  author={Zolotareva, IO and Knyga, OO and Книга, АА},
  year={2014}
}

@article{ciminiandigua,
  title={DIGUA: MINIFIER AND OBFUSCATOR FOR WEB RESOURCES},
  author={Ciminian, Alex and Dobre, Ciprian},
  year={2012}
}

@article{souders2008high,
  title={High-performance web sites},
  author={Souders, Steve},
  journal={Communications of the ACM},
  volume={51},
  number={12},
  pages={36--41},
  year={2008},
  publisher={ACM}
}

@inproceedings{liu2014characterizing,
  title={Characterizing and detecting performance bugs for smartphone applications.},
  author={Liu, Yepang and Xu, Chang and Cheung, Shing-Chi},
  booktitle={ICSE},
  pages={1013--1024},
  year={2014}
}